<?xml version="1.0" encoding="UTF-8"?>
<marc:record xmlns:marc="http://www.loc.gov/MARC21/slim"
             xmlns:saxon="http://icl.com/saxon"
             xmlns="http://www.loc.gov/MARC21/slim"
             xmlns:oclcterms="http://purl.org/oclc/terms/"
             xmlns:dc="http://purl.org/dc/elements/1.1/"
             xmlns:diag="http://www.loc.gov/zing/srw/diagnostic/"
             xmlns:zs="http://www.loc.gov/zing/srw/"
             xmlns:xlink="http://www.w3.org/1999/xlink"
             xmlns:xsi="http://www.w3.org/2001/XMLSchema-instance"
             xsi:schemaLocation="http://www.loc.gov/MARC21/slim https://www.loc.gov/standards/marcxml/schema/MARC21slim.xsd">
   <leader>00000cas a2200000 a 4500</leader>
   <controlfield tag="001">34060720</controlfield>
   <controlfield tag="006">m o d s </controlfield>
   <controlfield tag="007">cr cnu||||||||</controlfield>
   <controlfield tag="008">960122c19759999azufr p o s0 a0eng </controlfield>
   <datafield ind1=" " ind2=" " tag="010">
      <subfield code="a">sn 95015561 </subfield>
   </datafield>
   <datafield ind1=" " ind2=" " tag="040">
      <subfield code="a">AGL</subfield>
      <subfield code="b">eng</subfield>
      <subfield code="c">AGL</subfield>
      <subfield code="d">OCL</subfield>
      <subfield code="d">DLC</subfield>
      <subfield code="d">NSD</subfield>
      <subfield code="d">OCLCQ</subfield>
      <subfield code="d">OCL</subfield>
      <subfield code="d">NSD</subfield>
      <subfield code="d">OCLCQ</subfield>
      <subfield code="d">VRC</subfield>
      <subfield code="d">OCLCQ</subfield>
      <subfield code="d">OCLCF</subfield>
      <subfield code="d">OCLCQ</subfield>
      <subfield code="d">VT2</subfield>
      <subfield code="d">OCLCO</subfield>
   </datafield>
   <datafield ind1=" " ind2=" " tag="012">
      <subfield code="l">1</subfield>
   </datafield>
   <datafield ind1=" " ind2=" " tag="019">
      <subfield code="a">44212513</subfield>
      <subfield code="a">77782416</subfield>
      <subfield code="a">427662770</subfield>
   </datafield>
   <datafield ind1="0" ind2=" " tag="022">
      <subfield code="a">1092-5481</subfield>
      <subfield code="l">0277-9455</subfield>
      <subfield code="2">1</subfield>
   </datafield>
   <datafield ind1="1" ind2=" " tag="029">
      <subfield code="a">AU@</subfield>
      <subfield code="b">000012203993</subfield>
   </datafield>
   <datafield ind1="1" ind2=" " tag="029">
      <subfield code="a">AU@</subfield>
      <subfield code="b">000045735480</subfield>
   </datafield>
   <datafield ind1="1" ind2=" " tag="029">
      <subfield code="a">AU@</subfield>
      <subfield code="b">000046330017</subfield>
   </datafield>
   <datafield ind1="1" ind2=" " tag="029">
      <subfield code="a">AU@</subfield>
      <subfield code="b">000051286403</subfield>
   </datafield>
   <datafield ind1="1" ind2=" " tag="029">
      <subfield code="a">NZ1</subfield>
      <subfield code="b">16234184</subfield>
   </datafield>
   <datafield ind1="1" ind2=" " tag="029">
      <subfield code="a">NZ1</subfield>
      <subfield code="b">2082490</subfield>
   </datafield>
   <datafield ind1="1" ind2=" " tag="029">
      <subfield code="a">OCLCS</subfield>
      <subfield code="b">3282</subfield>
   </datafield>
   <datafield ind1="1" ind2=" " tag="029">
      <subfield code="a">OCLCS</subfield>
      <subfield code="b">OP-43295</subfield>
   </datafield>
   <datafield ind1=" " ind2=" " tag="042">
      <subfield code="a">pcc</subfield>
      <subfield code="a">nsdp</subfield>
   </datafield>
   <datafield ind1="0" ind2=" " tag="070">
      <subfield code="a">S612.A7532</subfield>
   </datafield>
   <datafield ind1=" " ind2="0" tag="072">
      <subfield code="a">B200</subfield>
   </datafield>
   <datafield ind1="1" ind2="0" tag="082">
      <subfield code="a">333</subfield>
      <subfield code="2">12</subfield>
   </datafield>
   <datafield ind1="0" ind2=" " tag="130">
      <subfield code="a">Arid lands newsletter (Online)</subfield>
   </datafield>
   <datafield ind1="0" ind2=" " tag="210">
      <subfield code="a">Arid lands newsl.</subfield>
      <subfield code="b">(Online)</subfield>
   </datafield>
   <datafield ind1=" " ind2="0" tag="222">
      <subfield code="a">Arid lands newsletter</subfield>
      <subfield code="b">(Online)</subfield>
   </datafield>
   <datafield ind1="1" ind2="0" tag="245">
      <subfield code="a">Arid lands newsletter.</subfield>
   </datafield>
   <datafield ind1="1" ind2=" " tag="246">
      <subfield code="i">Home page title:</subfield>
      <subfield code="a">Aridlands newsletter</subfield>
   </datafield>
   <datafield ind1=" " ind2=" " tag="260">
      <subfield code="a">Tucson, Ariz. :</subfield>
      <subfield code="b">Office of Arid Lands Studies, University of Arizona</subfield>
   </datafield>
   <datafield ind1=" " ind2=" " tag="310">
      <subfield code="a">Semiannual</subfield>
   </datafield>
   <datafield ind1=" " ind2=" " tag="336">
      <subfield code="a">text</subfield>
      <subfield code="b">txt</subfield>
      <subfield code="2">rdacontent</subfield>
   </datafield>
   <datafield ind1=" " ind2=" " tag="337">
      <subfield code="a">computer</subfield>
      <subfield code="b">c</subfield>
      <subfield code="2">rdamedia</subfield>
   </datafield>
   <datafield ind1=" " ind2=" " tag="338">
      <subfield code="a">online resource</subfield>
      <subfield code="b">cr</subfield>
      <subfield code="2">rdacarrier</subfield>
   </datafield>
   <datafield ind1="1" ind2=" " tag="362">
      <subfield code="a">Print began in 1975?</subfield>
   </datafield>
   <datafield ind1=" " ind2=" " tag="520">
      <subfield code="a">International newsletter for exploring events and issues of interest
              to arid lands researchers, resource managers, and policy makers.</subfield>
   </datafield>
   <datafield ind1=" " ind2=" " tag="530">
      <subfield code="a">Also issued in print.</subfield>
   </datafield>
   <datafield ind1=" " ind2=" " tag="538">
      <subfield code="a">Mode of access: World Wide Web and Internet email.</subfield>
   </datafield>
   <datafield ind1="0" ind2=" " tag="588">
      <subfield code="a">No. 35 (spring/summer 1994); title from title screen.</subfield>
   </datafield>
   <datafield ind1="1" ind2=" " tag="588">
      <subfield code="a">No. 38 (fall/winter) 1995.</subfield>
   </datafield>
   <datafield ind1=" " ind2="0" tag="650">
      <subfield code="a">Arid regions</subfield>
      <subfield code="v">Periodicals.</subfield>
   </datafield>
   <datafield ind1=" " ind2="7" tag="650">
      <subfield code="a">Arid regions.</subfield>
      <subfield code="2">fast</subfield>
      <subfield code="0">(OCoLC)fst00814384</subfield>
   </datafield>
   <datafield ind1=" " ind2="0" tag="655">
      <subfield code="a">Electronic journals.</subfield>
   </datafield>
   <datafield ind1=" " ind2="7" tag="655">
      <subfield code="a">Periodicals.</subfield>
      <subfield code="2">fast</subfield>
      <subfield code="0">(OCoLC)fst01411641</subfield>
   </datafield>
   <datafield ind1="2" ind2=" " tag="710">
      <subfield code="a">University of Arizona.</subfield>
      <subfield code="b">Office of Arid Lands Studies.</subfield>
   </datafield>
   <datafield ind1="1" ind2=" " tag="776">
      <subfield code="t">Arid lands newsletter</subfield>
      <subfield code="x">0277-9455</subfield>
      <subfield code="w">(DLC)sn 81004117</subfield>
      <subfield code="w">(OCoLC)5041908</subfield>
   </datafield>
   <datafield ind1=" " ind2=" " tag="850">
      <subfield code="a">DNAL</subfield>
   </datafield>
   <datafield ind1="4" ind2="0" tag="856">
      <subfield code="u">http://ag.arizona.edu/OALS/ALN/ALNHome.html</subfield>
   </datafield>
</marc:record>
